<record><leader>00000cas a2200000 a 4500</leader><controlfield tag="001">14346898</controlfield><controlfield tag="008">861006d19741991kyuwr ne      0   a0eng d</controlfield><datafield ind1=" " ind2=" " tag="010"><subfield code="a">sn 86069570 </subfield></datafield><datafield ind1=" " ind2=" " tag="040"><subfield code="a">KNP</subfield><subfield code="b">eng</subfield><subfield code="c">KNP</subfield><subfield code="d">OCL</subfield><subfield code="d">OCLCQ</subfield><subfield code="d">OCLCF</subfield><subfield code="d">OCLCO</subfield></datafield><datafield ind1="1" ind2=" " tag="029"><subfield code="a">AU@</subfield><subfield code="b">000025828142</subfield></datafield><datafield ind1=" " ind2=" " tag="042"><subfield code="a">msc</subfield></datafield><datafield ind1=" " ind2=" " tag="043"><subfield code="a">n-us-ky</subfield></datafield><datafield ind1="0" ind2="4" tag="245"><subfield code="a">The Pineville sun-Cumberland courier.</subfield></datafield><datafield ind1="3" ind2="0" tag="246"><subfield code="a">Pineville sun and Cumberland courier</subfield></datafield><datafield ind1=" " ind2=" " tag="260"><subfield code="a">Pineville, Ky. :</subfield><subfield code="b">Associated Publications,</subfield><subfield code="c">1974-1991.</subfield></datafield><datafield ind1=" " ind2=" " tag="300"><subfield code="a">v. :</subfield><subfield code="b">ill.</subfield></datafield><datafield ind1=" " ind2=" " tag="310"><subfield code="a">Weekly</subfield></datafield><datafield ind1="0" ind2=" " tag="362"><subfield code="a">66th yr., no. 50 (Mar. 21, 1974)-v. 83, no. 51 (May 16, 1991).</subfield></datafield><datafield ind1=" " ind2=" " tag="500"><subfield code="a">Title varies slightly.</subfield></datafield><datafield ind1=" " ind2="0" tag="651"><subfield code="a">Pineville (Ky.)</subfield><subfield code="v">Newspapers.</subfield></datafield><datafield ind1=" " ind2="7" tag="655"><subfield code="a">Newspapers.</subfield><subfield code="2">fast</subfield><subfield code="0">(OCoLC)fst01423814</subfield></datafield><datafield ind1=" " ind2="7" tag="651"><subfield code="a">Kentucky</subfield><subfield code="z">Pineville.</subfield><subfield code="2">fast</subfield><subfield code="0">(OCoLC)fst01252462</subfield></datafield><datafield ind1=" " ind2=" " tag="752"><subfield code="a">United States</subfield><subfield code="b">Kentucky</subfield><subfield code="c">Bell</subfield><subfield code="d">Pineville.</subfield></datafield><datafield ind1="0" ind2="0" tag="780"><subfield code="t">Sun-courier</subfield><subfield code="w">(DLC)sn 86069569</subfield><subfield code="w">(OCoLC)14347319</subfield></datafield><datafield ind1="0" ind2="0" tag="785"><subfield code="t">Pineville sun (Pineville, Ky. : 1991)</subfield><subfield code="w">(DLC)sn 91099411</subfield><subfield code="w">(OCoLC)24798563</subfield></datafield></record>